%% This BibTeX bibliography file was created using BibDesk.
%% http://bibdesk.sourceforge.net/


%% Created for Marius Theiss at 2016-03-31 13:22:40 -0500 


%% Saved with string encoding Unicode (UTF-8) 



@article{diamond1983bank,
  title={Bank runs, deposit insurance, and liquidity},
  author={Diamond, Douglas W and Dybvig, Philip H},
  journal={The journal of political economy},
  pages={401--419},
  year={1983},
  publisher={JSTOR}
}

@article{allen1998optimal,
  title={Optimal financial crises},
  author={Allen, Franklin and Gale, Douglas},
  journal={The Journal of Finance},
  volume={53},
  number={4},
  pages={1245--1284},
  year={1998},
  publisher={Wiley Online Library}
}

@book{akerlof1995market,
  title={The market for “lemons”: Quality uncertainty and the market mechanism},
  author={Akerlof, George},
  year={1995},
  publisher={Springer}
}

@book{diebold2015financial,
  title={Financial and Macroeconomic Connectedness: A Network Approach to Measurement and Monitoring},
  author={Diebold, Francis X and Yilmaz, Kamil},
  year={2015},
  publisher={Oxford University Press, USA}
}

@article{gale1962college,
  title={College admissions and the stability of marriage},
  author={Gale, David and Shapley, Lloyd S},
  journal={The American Mathematical Monthly},
  volume={69},
  number={1},
  pages={9--15},
  year={1962},
  publisher={JSTOR}
}

@article{billio2012econometric,
  title={Econometric measures of connectedness and systemic risk in the finance and insurance sectors},
  author={Billio, Monica and Getmansky, Mila and Lo, Andrew W and Pelizzon, Loriana},
  journal={Journal of Financial Economics},
  volume={104},
  number={3},
  pages={535--559},
  year={2012},
  publisher={Elsevier}
}

@article{khandani2007happened,
  title={What Happened to the Quants in August 2007?(Digest Summary)},
  author={Khandani, A and Lo, A},
  journal={Journal of investment management},
  volume={5},
  number={4},
  pages={29--78},
  year={2007},
  publisher={CFA Institute}
}

@book{krugman2008international,
  title={International economics: Theory and policy, 8/E},
  author={Krugman, Paul R},
  year={2008},
  publisher={Pearson Education India}
}

@article{umlauft2015great,
  title={The Great Depression (s) of 1929-1933 and 2007-2009? Parallels, Differences and Policy Lessons},
  author={Umlauft, Thomas S and Eigner, Peter},
  journal={Parallels, Differences and Policy Lessons (May 29, 2015). Hungarian Academy of Science MTA-ELTE Working Papers in Crisis History},
  year={2015}
}

@article{eichengreen2009tale,
  title={A tale of two depressions},
  author={Eichengreen, Barry and O’rourke, Kevin H},
  journal={VoxEU. org},
  volume={6},
  year={2009},
  publisher={Citeseer}
}

@article{temin2010great,
  title={The Great Recession \& the Great Depression},
  author={Temin, Peter},
  journal={Daedalus},
  volume={139},
  number={4},
  pages={115--124},
  year={2010},
  publisher={MIT Press}
}

@article{demiris2014epidemic,
  title={On the epidemic of financial crises},
  author={Demiris, Nikolaos and Kypraios, Theodore and Vanessa Smith, L},
  journal={Journal of the Royal Statistical Society: Series A (Statistics in Society)},
  volume={177},
  number={3},
  pages={697--723},
  year={2014},
  publisher={Wiley Online Library}
}

@article{baily2009us,
  title={The US financial and economic crisis: Where does it stand and where do we go from here},
  author={Baily, Martin Neil and Elliott, Douglas J},
  journal={Brookings Institution, Jun},
  year={2009}
}

@techreport{reinhart2009aftermath,
  title={The aftermath of financial crises},
  author={Reinhart, Carmen M and Rogoff, Kenneth S},
  year={2009},
  institution={National Bureau of Economic Research}
}

@article{de2000systemic,
  title={Systemic risk: a survey},
  author={De Bandt, Olivier and Hartmann, Philipp},
  year={2000},
  publisher={ECB working paper}
}

@article{allen2000financial,
  title={Financial contagion},
  author={Allen, Franklin and Gale, Douglas},
  journal={Journal of political economy},
  volume={108},
  number={1},
  pages={1--33},
  year={2000},
  publisher={JSTOR}
}

@article{saez2004liquidity,
  title={Liquidity pools, risk sharing, and financial contagion},
  author={S{\'a}ez, Lawrence and Shi, Xianwen},
  journal={Journal of Financial Services Research},
  volume={25},
  number={1},
  pages={5--23},
  year={2004},
  publisher={Springer}
}

@article{moser2003international,
  title={What is international financial contagion?},
  author={Moser, Thomas},
  journal={International Finance},
  volume={6},
  number={2},
  pages={157--178},
  year={2003},
  publisher={Wiley Online Library}
}

@article{jung2014structural,
  title={Structural breaks in volatility spillovers between international financial markets: Contagion or mere interdependence?},
  author={Jung, RC and Maderitsch, R},
  journal={Journal of Banking \& Finance},
  volume={47},
  pages={331--342},
  year={2014},
  publisher={Elsevier}
}

@article{castiglionesi2007financial,
  title={Financial contagion and the role of the central bank},
  author={Castiglionesi, Fabio},
  journal={Journal of Banking \& Finance},
  volume={31},
  number={1},
  pages={81--101},
  year={2007},
  publisher={Elsevier}
}

@article{masson1999contagion,
  title={Contagion:: macroeconomic models with multiple equilibria},
  author={Masson, Paul},
  journal={Journal of International Money and Finance},
  volume={18},
  number={4},
  pages={587--602},
  year={1999},
  publisher={Elsevier}
}

@article{forbes2002no,
  title={No contagion, only interdependence: measuring stock market comovements},
  author={Forbes, Kristin J and Rigobon, Roberto},
  journal={The journal of Finance},
  volume={57},
  number={5},
  pages={2223--2261},
  year={2002},
  publisher={Wiley Online Library}
}

@article{kaminsky2000crises,
  title={On crises, contagion, and confusion},
  author={Kaminsky, Graciela L and Reinhart, Carmen M},
  journal={Journal of international Economics},
  volume={51},
  number={1},
  pages={145--168},
  year={2000},
  publisher={Elsevier}
}

@book{wagner2006diversification,
  title={Diversification at financial institutions and systemic crises},
  author={Wagner, Wolf and others},
  year={2006},
  publisher={Tilburg University}
}

@article{inci2011financial,
  title={Financial contagion: A local correlation analysis},
  author={Inci, A Can and Li, Hsi-Cheng and McCarthy, Joseph},
  journal={Research in International Business and Finance},
  volume={25},
  number={1},
  pages={11--25},
  year={2011},
  publisher={Elsevier}
}

@techreport{bordo2000financial,
  title={Are financial crises becoming increasingly more contagious? What is the historical evidence on contagion?},
  author={Bordo, Michael D and Murshid, Antu P},
  year={2000},
  institution={National Bureau of Economic Research}
}

@book{claessens2013international,
  title={International financial contagion},
  author={Claessens, Stijn and Forbes, Kirsten},
  year={2013},
  publisher={Springer Science \& Business Media}
}

@techreport{mankiw1990contribution,
  title={A contribution to the empirics of economic growth},
  author={Mankiw, N Gregory and Romer, David and Weil, David N},
  year={1990},
  institution={National Bureau of Economic Research}
}

@techreport{stiglitz1991invisible,
  title={The invisible hand and modern welfare economics},
  author={Stiglitz, Joseph E},
  year={1991},
  institution={National Bureau of Economic Research}
}

@article{fernando2001liquidity,
  title={Liquidity shocks, systemic risk, and market collapse: theory and application to the market for perps},
  author={Fernando, Chitru S and Herring, Richard J and others},
  journal={Journal of Banking \& Finance},
  volume={32},
  number={8},
  pages={1625--1635},
  year={2001}
}